@book{anderson:2006:LTW:1197299,
		author = {Anderson, Chris},
		title = {The Long Tail: Why the Future of Business Is Selling Less of More},
		year = {2006},
		isbn = {1401302378},
		publisher = {Hyperion},
}

@article{bell:2007,
		author = {Bell, Robert M. and Koren, Yehuda},
		title = {Lessons from the Netflix prize challenge},
		journal = {SIGKDD Explor. Newsl.},
		issue_date = {December 2007},
		volume = {9},
		number = {2},
		month = dec,
		year = {2007},
		issn = {1931-0145},
		pages = {75--79},
		numpages = {5},
		url = {http://doi.acm.org/10.1145/1345448.1345465},
		doi = {10.1145/1345448.1345465},
		acmid = {1345465},
		publisher = {ACM},
		address = {New York, NY, USA},
}

@inproceedings{bostandjiev:2012,
		author = {Bostandjiev, Svetlin and O'Donovan, John and H\"{o}llerer, Tobias},
		title = {TasteWeights: a visual interactive hybrid recommender system},
		booktitle = {Proceedings of the sixth ACM conference on Recommender systems},
		series = {RecSys '12},
		year = {2012},
		isbn = {978-1-4503-1270-7},
		location = {Dublin, Ireland},
		pages = {35--42},
		numpages = {8},
		url = {http://doi.acm.org/10.1145/2365952.2365964},
		doi = {10.1145/2365952.2365964},
		acmid = {2365964},
		publisher = {ACM},
		address = {New York, NY, USA},
		keywords = {data integration, hybrid recommender systems, social web, user interfaces, visual knowledge representation},
}

@misc{bostock:2012:d3js,
    author 				= {Michael Bostock},
    title 				= {D3.js - Data-Driven Documents},
    year 					= {2012},
		howpublished	= {URL: \url{http://d3js.org/}},
		note 					= "[Online; accessed 26-December-2012]"
}

@misc{brooke:1996,
    author 				= {John Brooke},
    title 				= {SUS - A quick and dirty usability scale},
    year 					= {1996},
		howpublished	= {URL: \url{http://hell.meiert.org/core/pdf/sus.pdf}},
		note 					= "[Online; accessed 20-March-2013]"
}

@article{burke:2002,
		author = {Burke, Robin},
		title = {Hybrid Recommender Systems: Survey and Experiments},
		journal = {User Modeling and User-Adapted Interaction},
		issue_date = {November 2002},
		volume = {12},
		number = {4},
		month = nov,
		year = {2002},
		issn = {0924-1868},
		pages = {331--370},
		numpages = {40},
		url = {http://dx.doi.org/10.1023/A:1021240730564},
		doi = {10.1023/A:1021240730564},
		acmid = {586352},
		publisher = {Kluwer Academic Publishers},
		address = {Hingham, MA, USA},
		keywords = {case-based reasoning, collaborative filtering, recommender systems},
}

@misc{celma:2008:phd,
		author        = {Oscar Celma Herrada},
		title         = {Music recommendation and discovery in the long tail},
		year					= {2008},
		howpublished	= {URL: \url{http://mtg.upf.edu/static/media/PhD_ocelma.pdf}},
		note 					= "[Online; accessed 26-April-2013]",
}

@inproceedings{crnovrsanin:2011:VRN:2421953.2422013,
		author = {Crnovrsanin, Tarik and Liao, Isaac and Wuy, Yingcai and Ma, Kwan-Liu},
		title = {Visual recommendations for network navigation},
		booktitle = {Proceedings of the 13th Eurographics / IEEE - VGTC conference on Visualization},
		series = {EuroVis'11},
		year = {2011},
		location = {Bergen, Norway},
		pages = {1081--1090},
		numpages = {10},
		url = {\url{http://dx.doi.org/10.1111/j.1467-8659.2011.01957.x}},
		doi = {10.1111/j.1467-8659.2011.01957.x},
		acmid = {2422013},
		publisher = {Eurographics Association},
		address = {Aire-la-Ville, Switzerland, Switzerland}
}

@misc{dekimpe:2007,
		author 				= {Karel Dekimpe and Bart Demoen},
    title 				= {Fundamenten voor de Informatica},
    year 					= {2007},
		howpublished	= {URL: \url{http://people.cs.kuleuven.be/~bart.demoen/FVI/fundamenten.pdf}},
		note 					= "[Online; accessed 9-February-2013]",
		publisher 		= {Katholieke Universiteit Leuven},
}

@misc{duval:2012:chi:evaluation,
		author 				= {Erik Duval},
    title 				= {CHI: evaluation},
    year 					= {2012},
		howpublished	= {URL: \url{http://www.slideshare.net/erik.duval/chi-evaluation-11570071}},
		note 					= "[Online; accessed 20-February-2013]",
}

@misc{duval:2012:chi:overview,
		author 				= {Erik Duval},
    title 				= {Chi overview},
    year 					= {2012},
		howpublished	= {URL: \url{http://www.slideshare.net/erik.duval/chi-overview}},
		note 					= "[Online; accessed 20-February-2013]",
}

@article{ellis:2007,
		author = {Ellis, Geoffrey and Dix, Alan},
		title = {A Taxonomy of Clutter Reduction for Information Visualisation},
		journal = {IEEE Transactions on Visualization and Computer Graphics},
		issue_date = {November 2007},
		volume = {13},
		number = {6},
		month = nov,
		year = {2007},
		issn = {1077-2626},
		pages = {1216--1223},
		numpages = {8},
		url = {http://dx.doi.org/10.1109/TVCG.2007.70535},
		doi = {10.1109/TVCG.2007.70535},
		acmid = {1313150},
		publisher = {IEEE Educational Activities Department},
		address = {Piscataway, NJ, USA},
		keywords = {Clutter reduction, Clutter reduction, information visualisation, occlusion, large datasets, taxonomy., information visualisation, large datasets, occlusion, taxonomy.},
}

@article{faridani:2010:opinionspace,
    author = {Siamak Faridani and Ephrat Bitton and Kimiko Ryokai and Ken Goldberg},
    title = {Opinion Space: A Scalable Tool for Browsing Online Comments},
    year = {2010},
		journal = {CHI 2010 : Understanding Comments},
		location = {Atlanta, GA, USA}
}

@misc{google:2011:afbeeldingen,
		author 				= {Google},
    title 				= {Zoeken met afbeeldingen - Inside Search - Google},
    year 					= {2011},
		howpublished	= {URL: \url{http://www.google.com/insidesearch/features/images/searchbyimage.html}},
		note 					= "[Online; accessed 8-February-2013]",
		publisher 		= {Google},
}

@misc{google:2012:browseraction,
		author 				= {Google},
    title 				= {chrome.browserAction - Google Chrome},
    year 					= {2012},
		howpublished	= {URL: \url{http://developer.chrome.com/stable/extensions/browserAction.html}},
		note 					= "[Online; accessed 28-December-2012]",
		publisher 		= {Google},
}

@misc{google:2012:overview,
		author 				= {Google},
    title 				= {Overview - Google Chrome},
    year 					= {2012},
		howpublished	= {URL: \url{http://developer.chrome.com/extensions/overview.html}},
		note 					= "[Online; accessed 28-December-2012]",
		publisher 		= {Google},
}

@misc{google:2012:manifest,
		author 				= {Google},
    title 				= {Formats: Manifest Files - Google Chrome},
    year 					= {2012},
		howpublished	= {URL: \url{http://developer.chrome.com/stable/extensions/manifest.html}},
		note 					= "[Online; accessed 28-December-2012]",
		publisher 		= {Google},
}

@misc{google:2012:background,
		author 				= {Google},
    title 				= {Background Pages - Google Chrome},
    year 					= {2012},
		howpublished	= {URL: \url{http://developer.chrome.com/extensions/background_pages.html}},
		note 					= "[Online; accessed 28-December-2012]",
		publisher 		= {Google},
}

@misc{google:2012:extensions,
		author 				= {Google},
    title 				= {Google Chrome Extensions},
    year 					= {2012},
		howpublished	= {URL: \url{http://developer.chrome.com/extensions/index.html}},
		note 					= "[Online; accessed 28-December-2012]",
		publisher 		= {Google},
}

@inproceedings{gou:2011:SIF:2016656.2016671,
		author = {Gou, Liang and You, Fang and Guo, Jun and Wu, Luqi and Zhang, Xiaolong (Luke)},
		title = {SFViz: interest-based friends exploration and recommendation in social networks},
		booktitle = {Proceedings of the 2011 Visual Information Communication - International Symposium},
		series = {VINCI '11},
		year = {2011},
		isbn = {978-1-4503-0786-4},
		location = {Hong Kong, China},
		pages = {15:1--15:10},
		articleno = {15},
		numpages = {10},
		url = {http://doi.acm.org/10.1145/2016656.2016671},
		doi = {10.1145/2016656.2016671},
		acmid = {2016671},
		publisher = {ACM},
		address = {New York, NY, USA},
		keywords = {SFViz, social network, social recommendation, social tags},
} 

@article{gretarsson:2010,
    author = {Brynjar Gretarsson and Svetlin Bost and Christopher Hall and Tobias H\"ollerer},
    title = {SmallWorlds: Visualizing Social Recommendations},
    year = {2010},
		journal = {Eurographics/ IEEE-VGTC Symposium on Visualization 2010}
}

@article{herman:2000,
		author = {Herman, Ivan and Melan\c{c}on, Guy and Marshall, M. Scott},
		title = {Graph Visualization and Navigation in Information Visualization: A Survey},
		journal = {IEEE Transactions on Visualization and Computer Graphics},
		issue_date = {January 2000},
		volume = {6},
		number = {1},
		month = jan,
		year = {2000},
		issn = {1077-2626},
		pages = {24--43},
		numpages = {20},
		url = {http://dx.doi.org/10.1109/2945.841119},
		doi = {10.1109/2945.841119},
		acmid = {614447},
		publisher = {IEEE Educational Activities Department},
		address = {Piscataway, NJ, USA},
		keywords = {Information visualization, graph visualization, graph drawing, navigation, focus+context, fish-eye, clustering.},
}

@inproceedings{herlocker:2000,
		author = {Herlocker, Jonathan L. and Konstan, Joseph A. and Riedl, John},
		title = {Explaining collaborative filtering recommendations},
		booktitle = {Proceedings of the 2000 ACM conference on Computer supported cooperative work},
		series = {CSCW '00},
		year = {2000},
		isbn = {1-58113-222-0},
		location = {Philadelphia, Pennsylvania, USA},
		pages = {241--250},
		numpages = {10},
		url = {http://doi.acm.org/10.1145/358916.358995},
		doi = {10.1145/358916.358995},
		acmid = {358995},
		publisher = {ACM},
		address = {New York, NY, USA},
		keywords = {GroupLens, MoviesLens, collaborative filtering, explanations, recommender systems},
}

@article{herlocker:2004:ECF:963770.963772,
		author = {Herlocker, Jonathan L. and Konstan, Joseph A. and Terveen, Loren G. and Riedl, John T.},
		title = {Evaluating collaborative filtering recommender systems},
		journal = {ACM Trans. Inf. Syst.},
		issue_date = {January 2004},
		volume = {22},
		number = {1},
		month = jan,
		year = {2004},
		issn = {1046-8188},
		pages = {5--53},
		numpages = {49},
		url = {http://doi.acm.org/10.1145/963770.963772},
		doi = {10.1145/963770.963772},
		acmid = {963772},
		publisher = {ACM},
		address = {New York, NY, USA},
		keywords = {Collaborative filtering, evaluation, metrics, recommender systems},
}

@article{Holten:2006:HEB:1187627.1187772,
		author = {Holten, Danny},
		title = {Hierarchical Edge Bundles: Visualization of Adjacency Relations in Hierarchical Data},
		journal = {IEEE Transactions on Visualization and Computer Graphics},
		issue_date = {September 2006},
		volume = {12},
		number = {5},
		month = sep,
		year = {2006},
		issn = {1077-2626},
		pages = {741--748},
		numpages = {8},
		url = {http://dx.doi.org/10.1109/TVCG.2006.147},
		doi = {10.1109/TVCG.2006.147},
		acmid = {1187772},
		publisher = {IEEE Educational Activities Department},
		address = {Piscataway, NJ, USA},
		keywords = {Network visualization, Network visualization, edge bundling, edge aggregation, edge concentration, curves, graph visualization, tree visualization, node-link diagrams, hierarchies, treemaps., curves, edge aggregation, edge bundling, edge concentration, graph visualization, hierarchies, node-link diagrams, tree visualization, treemaps.},
}

@MISC{holten:2009,
    author = {Danny Holten and Jarke J. Van Wijk},
    title = {Force-Directed Edge Bundling for Graph Visualization},
    year = {2009}
}

@article{johnson:2008,
		author = {Johnson, C.R. and Hendriks, E. and Berezhnoy, I.J. and Brevdo, E. and Hughes, S.M. and Daubechies, I. and Jia Li and Postma, E. and Wang, J.Z. },
		title = {Image Processing for Artist Identification},
		journal = {Signal Processing Magazine, IEEE},
		issue_date = {July 2008},
		volume = {25},
		number = {4},
		month = {july},
		year = {2008},
		pages = {37--48 },
		keywords = {Art, Brushes, Educational institutions, Guidelines, High-resolution imaging, Image processing, Painting, Shape, Subspace constraints, Surface topography}
}

@misc{jquery:2013,
		author 				= {The jQuery Foundation},
    title 				= {jQuery},
    year 					= {2013},
		howpublished	= {URL: \url{http://jquery.com}},
		note 					= "[Online; accessed 13-May-2013]",
		publisher 		= {The jQuery Foundation},
}

@misc{jqueryui:2013,
		author 				= {The jQuery Foundation},
    title 				= {jQuery},
    year 					= {2013},
		howpublished	= {URL: \url{http://jqueryui.com}},
		note 					= "[Online; accessed 13-May-2013]",
		publisher 		= {The jQuery Foundation},
}

@article{keim:2002,
		author = {Keim, Daniel A.},
		title = {Information Visualization and Visual Data Mining},
		journal = {IEEE Transactions on Visualization and Computer Graphics},
		issue_date = {January 2002},
		volume = {8},
		number = {1},
		month = jan,
		year = {2002},
		issn = {1077-2626},
		pages = {1--8},
		numpages = {8},
		url = {http://dx.doi.org/10.1109/2945.981847},
		doi = {10.1109/2945.981847},
		acmid = {614508},
		publisher = {IEEE Educational Activities Department},
		address = {Piscataway, NJ, USA},
		keywords = {Information visualization, visual data mining, visual data exploration, classification.},
}

@misc{kirakowski:2013,
		author 				= {Jurek Kirakowski},
    title 				= {Questionnaires in Usability Engineering},
    year 					= {2000},
		howpublished	= {URL: \url{http://www.ucc.ie/hfrg/resources/qfaq1.html}},
		note 					= "[Online; accessed 20-February-2013]",
}

@article{Klein:2006:MSS:1158821.1159015,
		author = {Klein, Gary and Moon, Brian and Hoffman, Robert R.},
		title = {Making Sense of Sensemaking 1: Alternative Perspectives},
		journal = {IEEE Intelligent Systems},
		issue_date = {July 2006},
		volume = {21},
		number = {4},
		month = jul,
		year = {2006},
		issn = {1541-1672},
		pages = {70--73},
		numpages = {4},
		url = {http://dx.doi.org/10.1109/MIS.2006.75},
		doi = {10.1109/MIS.2006.75},
		acmid = {1159015},
		publisher = {IEEE Educational Activities Department},
		address = {Piscataway, NJ, USA},
		keywords = {comprehension, curiosity, curiosity, comprehension, mental model, situation awareness, definitions of sensemaking, definitions of sensemaking, mental model, situation awareness},
} 

@article{klein:2006:MSS:1175882.1176017,
		author = {Klein, Gary and Moon, Brian and Hoffman, Robert R.},
		title = {Making Sense of Sensemaking 2: A Macrocognitive Model},
		journal = {IEEE Intelligent Systems},
		issue_date = {September 2006},
		volume = {21},
		number = {5},
		month = sep,
		year = {2006},
		issn = {1541-1672},
		pages = {88--92},
		numpages = {5},
		url = {http://dx.doi.org/10.1109/MIS.2006.100},
		doi = {10.1109/MIS.2006.100},
		acmid = {1176017},
		publisher = {IEEE Educational Activities Department},
		address = {Piscataway, NJ, USA},
		keywords = {causal reasoning, confirmation bias, fixation bias, frames, frames, causal reasoning, fixation bias, confirmation bias, inference-making, mental models, inference-making, mental models},
}

@misc{krebs:2012:networkthinkers,
		author 				= {Krebs, Valdis},
		title 				= {"2012 Political Book Network"},
		year 					= {2012},
		howpublished	= {URL: \url{http://www.thenetworkthinkers.com/2012/10/2012-political-book-network.html}},
		note 					= "[Online; accessed 6-May-2013]"
}

@Misc{kuleuven:2008:t313,
		author 				= {KULeuven},
		title 				= {"Masterproef T313 : Visualisatie van muziekaanbevelingen"},
		year 					= {2008},
		howpublished	= {URL: \url{https://www.cs.kuleuven.be/cs/studenten/eindwerken/20122013/onderwerpen/individueel/T313.shtml}},
		note 					= "[Online; accessed 10-October-2012]"
}

@Misc{lastfm:2012:home,
		author 				= {Last.fm},
		title 				= {Last.fm - Listen to internet radio and the largest music catalogue online},
		year 					= {2012},
		howpublished	= {URL: \url{http://www.last.fm/}},
		note 					= "[Online; accessed 28-November-2012]"
}

@Misc{lastfm:2013:scrobbling,
		author 				= {Last.fm},
		title 				= {FAQ - Last.fm},
		year 					= {2012},
		howpublished	= {URL: \url{http://www.last.fm/help/faq?category=99}},
		note 					= "[Online; accessed 13-May-2013]"
}

@Misc{levy:2010,
		author 				= {Mark Levy and Klaas Bosteels},
		title 				= {Music recommendation and the long tail},
		year 					= {2008},
		howpublished	= {URL: \url{http://womrad.org/2010/papers/1.pdf}},
		note 					= "[Online; accessed 26-April-2013]"
}

@article{Li:2006:TIM:2219090.2219562,
		author = {Li, Tao and Ogihara, M.},
		title = {Toward intelligent music information retrieval},
		journal = {Trans. Multi.},
		issue_date = {June 2006},
		volume = {8},
		number = {3},
		month = sep,
		year = {2006},
		issn = {1520-9210},
		pages = {564--574},
		numpages = {11},
		url = {http://dx.doi.org/10.1109/TMM.2006.870730},
		doi = {10.1109/TMM.2006.870730},
		acmid = {2219562},
		publisher = {IEEE Press},
		address = {Piscataway, NJ, USA},
		keywords = {Clustering, FFT, machine learning, music information retrieval, wavelet},
}

@inproceedings{melville:2002:CCF:777092.777124,
		author = {Melville, Prem and Mooney, Raymod J. and Nagarajan, Ramadass},
		title = {Content-boosted collaborative filtering for improved recommendations},
		booktitle = {Eighteenth national conference on Artificial intelligence},
		year = {2002},
		isbn = {0-262-51129-0},
		location = {Edmonton, Alberta, Canada},
		pages = {187--192},
		numpages = {6},
		url = {http://dl.acm.org/citation.cfm?id=777092.777124},
		acmid = {777124},
		publisher = {American Association for Artificial Intelligence},
		address = {Menlo Park, CA, USA},
}

@Misc{microsoft:2012:svg,
		author 				= {Microsoft},
		title 				= {SVG - Internet Explorer 9 Guide for Developers},
		year 					= {2012},
		howpublished	= {URL: \url{http://msdn.microsoft.com/en-us/ie/hh410107.aspx}},
		note 					= "[Online; accessed 26-December-2012]"
}

@article{murray:2008,
		author = {Scott Murray},
		title = {Visualizing Network Relationships},
		year = {2008},
		numpages = {5},
		url = {http://alignedleft.com/content/2.work/60.relationship-visualizer/Visualizing%20Network%20Relationships.pdf},
		keywords = {Graph drawing, directed graphs, multiple edges, interactive graph visualization, network visualization.},
}

@book{nielsen:1993:UE:529793,
		author = {Nielsen, Jakob},
		title = {Usability Engineering},
		year = {1993},
		isbn = {0125184050},
		publisher = {Morgan Kaufmann Publishers Inc.},
		address = {San Francisco, CA, USA},
}

@Misc{nielsen:2012:nngroup:satisfaction,
		author 				= {Nielsen, Jacob},
		title 				= {User Satisfaction vs. Performance Metrics},
		year 					= {2012},
		howpublished	= {URL: \url{http://www.nngroup.com/articles/satisfaction-vs-performance-metrics/}},
		note 					= "[Online; accessed 20-February-2013]"
}

@Misc{nielsen:2012:nngroup:diminishing_returns,
		author 				= {Nielsen, Jacob},
		title 				= {Why You Only Need to Test with 5 Users},
		year 					= {2012},
		howpublished	= {URL: \url{http://www.nngroup.com/articles/why-you-only-need-to-test-with-5-users/}},
		note 					= "[Online; accessed 20-February-2013]"
}

@Misc{nielsen:2012:nngroup:think_aloud,
		author 				= {Nielsen, Jacob},
		title 				= {Thinking Aloud: The \#1 Usability Tool},
		year 					= {2012},
		howpublished	= {URL: \url{http://www.nngroup.com/articles/thinking-aloud-the-1-usability-tool/}},
		note 					= "[Online; accessed 20-February-2013]"
}

@article{north:2006,
		author = {North, Chris},
		title = {Toward Measuring Visualization Insight},
		journal = {IEEE Comput. Graph. Appl.},
		issue_date = {May 2006},
		volume = {26},
		number = {3},
		month = may,
		year = {2006},
		issn = {0272-1716},
		pages = {6--9},
		numpages = {4},
		url = {http://dx.doi.org/10.1109/MCG.2006.70},
		doi = {10.1109/MCG.2006.70},
		acmid = {1137267},
		publisher = {IEEE Computer Society Press},
		address = {Los Alamitos, CA, USA},
		keywords = {benchmark tasks, controlled experiments, insight, visualization evaluation, visualization evaluation, controlled experiments, benchmark tasks, insight},
}

@inproceedings{odonovan:2008,
		author = {O'Donovan, John and Smyth, Barry and Gretarsson, Brynjar and Bostandjiev, Svetlin and H\"{o}llerer, Tobias},
		title = {PeerChooser: visual interactive recommendation},
		booktitle = {Proceedings of the SIGCHI Conference on Human Factors in Computing Systems},
		series = {CHI '08},
		year = {2008},
		isbn = {978-1-60558-011-1},
		location = {Florence, Italy},
		pages = {1085--1088},
		numpages = {4},
		url = {http://doi.acm.org/10.1145/1357054.1357222},
		doi = {10.1145/1357054.1357222},
		acmid = {1357222},
		publisher = {ACM},
		address = {New York, NY, USA},
		keywords = {collaborative filtering, interaction, recommender systems, visualisation}
}

@article{1990,
     jstor_articletype = {research-article},
     title = {Construction and Validation of a Scale to Measure Celebrity Endorsers' Perceived Expertise, Trustworthiness, and Attractiveness},
     author = {Ohanian, Roobina},
     journal = {Journal of Advertising},
     jstor_issuetitle = {},
     volume = {19},
     number = {3},
     jstor_formatteddate = {1990},
     pages = {pp. 39-52},
     url = {http://www.jstor.org/stable/4188769},
     ISSN = {00913367},
     abstract = {The purpose of this study was to develop a scale for measuring celebrity endorsers' perceived expertise, trustworthiness, and attractiveness. Accepted psychometric scale-development procedures were followed which rigorously tested a large pool of items for their reliability and validity. Using two exploratory and two confirmatory samples, the current research developed a 15-item semantic differential scale to measure perceived expertise, trustworthiness, and attractiveness. The scale was validated using respondents' self-reported measures of intention to purchase and perception of quality for the products being tested. The resulting scale demonstrated high reliability and validity.},
     language = {English},
     year = {1990},
     publisher = {M.E. Sharpe, Inc.},
     copyright = {Copyright © 1990 M.E. Sharpe, Inc.},
}

@incollection{pazzani:2007:CRS:1768197.1768209,
		author = {Pazzani, Michael J. and Billsus, Daniel},
		chapter = {Content-based recommendation systems},
		booktitle = {The adaptive web},
		title = {The adaptive web},
		editor = {Brusilovsky, Peter and Kobsa, Alfred and Nejdl, Wolfgang},
		year = {2007},
		isbn = {978-3-540-72078-2},
		pages = {325--341},
		numpages = {17},
		url = {http://dl.acm.org/citation.cfm?id=1768197.1768209},
		acmid = {1768209},
		publisher = {Springer-Verlag},
		address = {Berlin, Heidelberg},
}

@Book{rajaraman:2012,
    author    = {Anand Rajaraman and Jure Leskovec and Jeffrey Ullman},
    title     = {Mining of Massive Datasets},
    year      = {2012},
    publisher = {Cambridge University Press},
		page			= {326}
}

@inproceedings{russell:1993:CSS:169059.169209,
		author = {Russell, Daniel M. and Stefik, Mark J. and Pirolli, Peter and Card, Stuart K.},
		title = {The cost structure of sensemaking},
		booktitle = {Proceedings of the INTERACT '93 and CHI '93 Conference on Human Factors in Computing Systems},
		series = {CHI '93},
		year = {1993},
		isbn = {0-89791-575-5},
		location = {Amsterdam, The Netherlands},
		pages = {269--276},
		numpages = {8},
		url = {http://doi.acm.org/10.1145/169059.169209},
		doi = {10.1145/169059.169209},
		acmid = {169209},
		publisher = {ACM},
		address = {New York, NY, USA},
		keywords = {cost structure, information access, learning loop, representation search, representation shift, sensemaking}
} 

@Misc{sauro:2011,
		author 				= {Jeff Sauro},
		title 				= {Measuring Usability With The System Usability Scale (SUS)},
		year 					= {2011},
		howpublished	= {URL: \url{http://www.measuringusability.com/sus.php}},
		note 					= "[Online; accessed 20-February-2013]"
}

@incollection{shani:2011:9780387858197,
		year={2011},
		isbn={978-0-387-85819-7},
		booktitle={Recommender Systems Handbook},
		editor={Ricci, Francesco and Rokach, Lior and Shapira, Bracha and Kantor, Paul B.},
		doi={10.1007/978-0-387-85820-3_8},
		title={Evaluating Recommendation Systems},
		url={http://dx.doi.org/10.1007/978-0-387-85820-3_8},
		publisher={Springer US},
		author={Shani, Guy and Gunawardana, Asela},
		pages={257-297},
		language={English}
}


@book{shirley:2009,
		author = {Shirley, Peter and Marschner, Steve},
		title = {Fundamentals of Computer Graphics},
		year = {2009},
		isbn = {1568814690, 9781568814698},
		edition = {3rd},
		publisher = {A. K. Peters, Ltd.},
		address = {Natick, MA, USA},
}

@book{snyder:2003,
		author = {Carolyn Snyder},
		title = {Paper Prototyping: The Fast and Easy Way to Design and Refine User Interfaces (Interactive Technologies)},
		year = {2003},
		isbn = {1449379869, 9781449379865},
		edition = {1st},
		pages = {408},
		publisher = {Morgan Kaufmann},
}

@Misc{snyder:2003:web,
		author 				= {Carolyn Snyder},
		title 				= {What is Paper Prototyping},
		year 					= {2003},
		howpublished	= {URL: \url{http://www.paperprototyping.com/what.html}},
		note 					= "[Online; accessed 10-February-2013]"
}

@book{steele:2010,
		author = {Steele, Julie and Iliinsky, Noah},
		title = {Beautiful Visualization: Looking at Data through the Eyes of Experts},
		year = {2010},
		isbn = {1449379869, 9781449379865},
		edition = {1st},
		publisher = {O'Reilly Media, Inc.},
}

@inproceedings{tintarev:2007:SER:1547550.1547664,
		author = {Tintarev, Nava and Masthoff, Judith},
		title = {A Survey of Explanations in Recommender Systems},
		booktitle = {Proceedings of the 2007 IEEE 23rd International Conference on Data Engineering Workshop},
		series = {ICDEW '07},
		year = {2007},
		isbn = {978-1-4244-0831-3},
		pages = {801--810},
		numpages = {10},
		url = {http://dx.doi.org/10.1109/ICDEW.2007.4401070},
		doi = {10.1109/ICDEW.2007.4401070},
		acmid = {1547664},
		publisher = {IEEE Computer Society},
		address = {Washington, DC, USA},
}

@article{tripathi:2011,
		author = {K P Tripathi},
		title = {Article: A Study of Interactivity in Human Computer Interaction},
		journal = {International Journal of Computer Applications},
		year = {2011},
		volume = {16},
		number = {6},
		pages = {1--3},
		month = {February},
		note = {Published by Foundation of Computer Science}
}

@article{Tzanetakis:1999:MFA:972850.972857,
		author = {Tzanetakis, George and Cook, Perry},
		title = {MARSYAS: a framework for audio analysis},
		journal = {Org. Sound},
		issue_date = {December 1999},
		volume = {4},
		number = {3},
		month = dec,
		year = {1999},
		issn = {1355-7718},
		pages = {169--175},
		numpages = {7},
		url = {http://dx.doi.org/10.1017/S1355771800003071},
		doi = {10.1017/S1355771800003071},
		acmid = {972857},
		publisher = {Cambridge University Press},
		address = {New York, NY, USA},
}

@article{tzanetakis:2001,
		author = {Tzanetakis, G. and Essl G. and Cook, P.},
		journal = {Proceedings of Conference in Music Theory Applications},
		keywords = {audio analysis, wavelets, classification, beat extraction},
		title = {Audio Analysis using the Discrete Wavelet Transform},
		year = 2001
}

@article{tzanetakis:2002,
		author = {Tzanetakis, G. and Cook, P.},
		journal = {IEEE Transactions on Speech and Audio Processing},
		keywords = {classification, music recommender systems, signal processing},
		number = 5,
		title = {Musical genre classification of audio signals},
		volume = 10,
		year = 2002
}

@Misc{usabilitynet:2006:standards,
		author 				= {UsabilityNet},
		title 				= {UsabilityNet: International Standards},
		year 					= {2006},
		howpublished	= {URL: \url{http://www.usabilitynet.org/tools/r_international.htm#9241-11}},
		note 					= "[Online; accessed 20-February-2013]"
}

@Misc{usabilitynet:2006:paperprototyping,
		author 				= {UsabilityNet},
		title 				= {UsabilityNet: Paper prototyping methods},
		year 					= {2006},
		howpublished	= {URL: \url{http://www.usabilitynet.org/tools/prototyping.htm}},
		note 					= "[Online; accessed 10-February-2013]"
}

@book{ware:2004,
		author = {Ware, Colin},
		title = {Information Visualization: Perception for Design},
		year = {2004},
		isbn = {1558608192},
		publisher = {Morgan Kaufmann Publishers Inc.},
		address = {San Francisco, CA, USA},
}

@article{ware:2008,
		author = {Ware, Colin and Mitchell, Peter},
		title = {Visualizing graphs in three dimensions},
		journal = {ACM Trans. Appl. Percept.},
		issue_date = {January 2008},
		volume = {5},
		number = {1},
		month = jan,
		year = {2008},
		issn = {1544-3558},
		pages = {2:1--2:15},
		articleno = {2},
		numpages = {15},
		url = {http://doi.acm.org/10.1145/1279640.1279642},
		doi = {10.1145/1279640.1279642},
		acmid = {1279642},
		publisher = {ACM},
		address = {New York, NY, USA},
		keywords = {Visualization, graph visualization, network visualization, stereoscopic displays},
}

@Misc{w3c:2010:svg,
		author 				= {World Wide Web Consortium (W3C)},
		title 				= {Implementations - SVG},
		year 					= {2010},
		howpublished	= {URL: \url{http://www.w3.org/Graphics/SVG/WG/wiki/Implementations}},
		note 					= "[Online; accessed 26-December-2012]"
}

@Misc{w3c:2011:svg,
		author 				= {World Wide Web Consortium (W3C)},
		title 				= {Scalable Vector Graphics (SVG) 1.1 (Second Edition)},
		year 					= {2011},
		howpublished	= {URL: \url{http://www.w3.org/TR/SVG/}},
		note 					= "[Online; accessed 26-December-2012]"
}

@inproceedings{yi:2008,
		author = {Yi, Ji Soo and Kang, Youn-ah and Stasko, John T. and Jacko, Julie A.},
		title = {Understanding and characterizing insights: how do people gain insights using information visualization?},
		booktitle = {Proceedings of the 2008 Workshop on BEyond time and errors: novel evaLuation methods for Information Visualization},
		series = {BELIV '08},
		year = {2008},
		isbn = {978-1-60558-016-6},
		location = {Florence, Italy},
		pages = {4:1--4:6},
		articleno = {4},
		numpages = {6},
		url = {http://doi.acm.org/10.1145/1377966.1377971},
		doi = {10.1145/1377966.1377971},
		acmid = {1377971},
		publisher = {ACM},
		address = {New York, NY, USA},
		keywords = {categorization, evaluation, information visualization, insight, sensemaking},
}

@inproceedings{zhao:2010,
		author = {Zhao, Shiwan and Zhou, Michelle X. and Yuan, Quan and Zhang, Xiatian and Zheng, Wentao and Fu, Rongyao},
		title = {Who is talking about what: social map-based recommendation for content-centric social websites},
		booktitle = {Proceedings of the fourth ACM conference on Recommender systems},
		series = {RecSys '10},
		year = {2010},
		isbn = {978-1-60558-906-0},
		location = {Barcelona, Spain},
		pages = {143--150},
		numpages = {8},
		url = {http://doi.acm.org/10.1145/1864708.1864737},
		doi = {10.1145/1864708.1864737},
		acmid = {1864737},
		publisher = {ACM},
		address = {New York, NY, USA},
		keywords = {cold start, interaction, recommender systems, trust, visual explanation},
}