
@Book{rajaraman2012,
    author    = {Anand Rajaraman and Jure Leskovec and Jeffrey Ullman},
    title     = {Mining of Massive Datasets},
    year      = {2012},
    publisher = {Cambridge University Press},
		page			= {326}
}

@article{bell2007,
		author = {Bell, Robert M. and Koren, Yehuda},
		title = {Lessons from the Netflix prize challenge},
		journal = {SIGKDD Explor. Newsl.},
		issue_date = {December 2007},
		volume = {9},
		number = {2},
		month = dec,
		year = {2007},
		issn = {1931-0145},
		pages = {75--79},
		numpages = {5},
		url = {http://doi.acm.org/10.1145/1345448.1345465},
		doi = {10.1145/1345448.1345465},
		acmid = {1345465},
		publisher = {ACM},
		address = {New York, NY, USA},
} 

@inproceedings{herlocker2000,
		author = {Herlocker, Jonathan L. and Konstan, Joseph A. and Riedl, John},
		title = {Explaining collaborative filtering recommendations},
		booktitle = {Proceedings of the 2000 ACM conference on Computer supported cooperative work},
		series = {CSCW '00},
		year = {2000},
		isbn = {1-58113-222-0},
		location = {Philadelphia, Pennsylvania, USA},
		pages = {241--250},
		numpages = {10},
		url = {http://doi.acm.org/10.1145/358916.358995},
		doi = {10.1145/358916.358995},
		acmid = {358995},
		publisher = {ACM},
		address = {New York, NY, USA},
		keywords = {GroupLens, MoviesLens, collaborative filtering, explanations, recommender systems},
}



@article{burke2002,
		author = {Burke, Robin},
		title = {Hybrid Recommender Systems: Survey and Experiments},
		journal = {User Modeling and User-Adapted Interaction},
		issue_date = {November 2002},
		volume = {12},
		number = {4},
		month = nov,
		year = {2002},
		issn = {0924-1868},
		pages = {331--370},
		numpages = {40},
		url = {http://dx.doi.org/10.1023/A:1021240730564},
		doi = {10.1023/A:1021240730564},
		acmid = {586352},
		publisher = {Kluwer Academic Publishers},
		address = {Hingham, MA, USA},
		keywords = {case-based reasoning, collaborative filtering, recommender systems},
}


@inproceedings{o'donovan2008,
 author = {O'Donovan, John and Smyth, Barry and Gretarsson, Brynjar and Bostandjiev, Svetlin and H\"{o}llerer, Tobias},
 title = {PeerChooser: visual interactive recommendation},
 booktitle = {Proceedings of the SIGCHI Conference on Human Factors in Computing Systems},
 series = {CHI '08},
 year = {2008},
 isbn = {978-1-60558-011-1},
 location = {Florence, Italy},
 pages = {1085--1088},
 numpages = {4},
 url = {http://doi.acm.org/10.1145/1357054.1357222},
 doi = {10.1145/1357054.1357222},
 acmid = {1357222},
 publisher = {ACM},
 address = {New York, NY, USA},
 keywords = {collaborative filtering, interaction, recommender systems, visualisation},
}


@article{gretarsson2010,
    author = {Brynjar Gretarsson and Svetlin Bost and Christopher Hall and Tobias H\"ollerer},
    title = {SmallWorlds: Visualizing Social Recommendations},
    year = {2010},
		journal = {Eurographics/ IEEE-VGTC Symposium on Visualization 2010}
}



@inproceedings{bostandjiev2012,
		author = {Bostandjiev, Svetlin and O'Donovan, John and H\"{o}llerer, Tobias},
		title = {TasteWeights: a visual interactive hybrid recommender system},
		booktitle = {Proceedings of the sixth ACM conference on Recommender systems},
		series = {RecSys '12},
		year = {2012},
		isbn = {978-1-4503-1270-7},
		location = {Dublin, Ireland},
		pages = {35--42},
		numpages = {8},
		url = {http://doi.acm.org/10.1145/2365952.2365964},
		doi = {10.1145/2365952.2365964},
		acmid = {2365964},
		publisher = {ACM},
		address = {New York, NY, USA},
		keywords = {data integration, hybrid recommender systems, social web, user interfaces, visual knowledge representation},
}


@inproceedings{zhao2010,
		author = {Zhao, Shiwan and Zhou, Michelle X. and Yuan, Quan and Zhang, Xiatian and Zheng, Wentao and Fu, Rongyao},
		title = {Who is talking about what: social map-based recommendation for content-centric social websites},
		booktitle = {Proceedings of the fourth ACM conference on Recommender systems},
		series = {RecSys '10},
		year = {2010},
		isbn = {978-1-60558-906-0},
		location = {Barcelona, Spain},
		pages = {143--150},
		numpages = {8},
		url = {http://doi.acm.org/10.1145/1864708.1864737},
		doi = {10.1145/1864708.1864737},
		acmid = {1864737},
		publisher = {ACM},
		address = {New York, NY, USA},
		keywords = {cold start, interaction, recommender systems, trust, visual explanation},
}



@inproceedings{yi2008,
		author = {Yi, Ji Soo and Kang, Youn-ah and Stasko, John T. and Jacko, Julie A.},
		title = {Understanding and characterizing insights: how do people gain insights using information visualization?},
		booktitle = {Proceedings of the 2008 Workshop on BEyond time and errors: novel evaLuation methods for Information Visualization},
		series = {BELIV '08},
		year = {2008},
		isbn = {978-1-60558-016-6},
		location = {Florence, Italy},
		pages = {4:1--4:6},
		articleno = {4},
		numpages = {6},
		url = {http://doi.acm.org/10.1145/1377966.1377971},
		doi = {10.1145/1377966.1377971},
		acmid = {1377971},
		publisher = {ACM},
		address = {New York, NY, USA},
		keywords = {categorization, evaluation, information visualization, insight, sensemaking},
}


@article{north2006,
		author = {North, Chris},
		title = {Toward Measuring Visualization Insight},
		journal = {IEEE Comput. Graph. Appl.},
		issue_date = {May 2006},
		volume = {26},
		number = {3},
		month = may,
		year = {2006},
		issn = {0272-1716},
		pages = {6--9},
		numpages = {4},
		url = {http://dx.doi.org/10.1109/MCG.2006.70},
		doi = {10.1109/MCG.2006.70},
		acmid = {1137267},
		publisher = {IEEE Computer Society Press},
		address = {Los Alamitos, CA, USA},
		keywords = {benchmark tasks, controlled experiments, insight, visualization evaluation, visualization evaluation, controlled experiments, benchmark tasks, insight},
}


@article{keim2002,
		author = {Keim, Daniel A.},
		title = {Information Visualization and Visual Data Mining},
		journal = {IEEE Transactions on Visualization and Computer Graphics},
		issue_date = {January 2002},
		volume = {8},
		number = {1},
		month = jan,
		year = {2002},
		issn = {1077-2626},
		pages = {1--8},
		numpages = {8},
		url = {http://dx.doi.org/10.1109/2945.981847},
		doi = {10.1109/2945.981847},
		acmid = {614508},
		publisher = {IEEE Educational Activities Department},
		address = {Piscataway, NJ, USA},
		keywords = {Information visualization, visual data mining, visual data exploration, classification.},
}


@book{shirley2009,
		author = {Shirley, Peter and Marschner, Steve},
		title = {Fundamentals of Computer Graphics},
		year = {2009},
		isbn = {1568814690, 9781568814698},
		edition = {3rd},
		publisher = {A. K. Peters, Ltd.},
		address = {Natick, MA, USA},
} 



@book{ware2004,
		author = {Ware, Colin},
		title = {Information Visualization: Perception for Design},
		year = {2004},
		isbn = {1558608192},
		publisher = {Morgan Kaufmann Publishers Inc.},
		address = {San Francisco, CA, USA},
}


@article{ellis2007,
		author = {Ellis, Geoffrey and Dix, Alan},
		title = {A Taxonomy of Clutter Reduction for Information Visualisation},
		journal = {IEEE Transactions on Visualization and Computer Graphics},
		issue_date = {November 2007},
		volume = {13},
		number = {6},
		month = nov,
		year = {2007},
		issn = {1077-2626},
		pages = {1216--1223},
		numpages = {8},
		url = {http://dx.doi.org/10.1109/TVCG.2007.70535},
		doi = {10.1109/TVCG.2007.70535},
		acmid = {1313150},
		publisher = {IEEE Educational Activities Department},
		address = {Piscataway, NJ, USA},
		keywords = {Clutter reduction, Clutter reduction, information visualisation, occlusion, large datasets, taxonomy., information visualisation, large datasets, occlusion, taxonomy.},
}


@MISC{holten2009,
    author = {Danny Holten and Jarke J. Van Wijk},
    title = {Force-Directed Edge Bundling for Graph Visualization},
    year = {2009}
}


@article{herman2000,
		author = {Herman, Ivan and Melan\c{c}on, Guy and Marshall, M. Scott},
		title = {Graph Visualization and Navigation in Information Visualization: A Survey},
		journal = {IEEE Transactions on Visualization and Computer Graphics},
		issue_date = {January 2000},
		volume = {6},
		number = {1},
		month = jan,
		year = {2000},
		issn = {1077-2626},
		pages = {24--43},
		numpages = {20},
		url = {http://dx.doi.org/10.1109/2945.841119},
		doi = {10.1109/2945.841119},
		acmid = {614447},
		publisher = {IEEE Educational Activities Department},
		address = {Piscataway, NJ, USA},
		keywords = {Information visualization, graph visualization, graph drawing, navigation, focus+context, fish-eye, clustering.},
}



@book{steele2010,
		author = {Steele, Julie and Iliinsky, Noah},
		title = {Beautiful Visualization: Looking at Data through the Eyes of Experts},
		year = {2010},
		isbn = {1449379869, 9781449379865},
		edition = {1st},
		publisher = {O'Reilly Media, Inc.},
}


@article{murray2008,
		author = {Scott Murray},
		title = {Visualizing Network Relationships},
		year = {2008},
		numpages = {5},
		url = {http://alignedleft.com/content/2.work/60.relationship-visualizer/Visualizing%20Network%20Relationships.pdf},
		keywords = {Graph drawing, directed graphs, multiple edges, interactive graph visualization, network visualization.},
}

@article{ware2008,
		author = {Ware, Colin and Mitchell, Peter},
		title = {Visualizing graphs in three dimensions},
		journal = {ACM Trans. Appl. Percept.},
		issue_date = {January 2008},
		volume = {5},
		number = {1},
		month = jan,
		year = {2008},
		issn = {1544-3558},
		pages = {2:1--2:15},
		articleno = {2},
		numpages = {15},
		url = {http://doi.acm.org/10.1145/1279640.1279642},
		doi = {10.1145/1279640.1279642},
		acmid = {1279642},
		publisher = {ACM},
		address = {New York, NY, USA},
		keywords = {Visualization, graph visualization, network visualization, stereoscopic displays},
}



@article{klein2006,
		author = {Klein, Gary and Moon, Brian and Hoffman, Robert R.},
		title = {Making Sense of Sensemaking 1: Alternative Perspectives},
		journal = {IEEE Intelligent Systems},
		issue_date = {July 2006},
		volume = {21},
		number = {4},
		month = jul,
		year = {2006},
		issn = {1541-1672},
		pages = {70--73},
		numpages = {4},
		url = {http://dx.doi.org/10.1109/MIS.2006.75},
		doi = {10.1109/MIS.2006.75},
		acmid = {1159015},
		publisher = {IEEE Educational Activities Department},
		address = {Piscataway, NJ, USA},
		keywords = {comprehension, curiosity, curiosity, comprehension, mental model, situation awareness, definitions of sensemaking, definitions of sensemaking, mental model, situation awareness},
}



